@BOOK{realtime,
	author = {T. A. Moller and E. Haines and N. Hoffman},
	title = {Real-Time Rendering},
	publisher = {CRC Press},
	address = {Boca Raton, Florida},
	 edition = {2},
	year = {2008},
}

@BOOK{opengl2011,
	author = {R. S. Wright and N. Haemel and G. Sellers and B. Lipchak},
	title = {OpenGL SuperBible},
	subtitle = {Comprehensive Tutorial and Reference},
	publisher = {Pearson},
	year = {2008},
	address = {Boston, Massachusetts},
	edition ={5}
}

@BOOK{guha2011,
	author = {S. Guha},
	title = {Computer Graphics Through OpenGL},
	subtitle = { From Theory to Experience},
	publisher = {CRC Press},
	year = {2011},
	address = {Boca Raton, Florida},
	edition = {1}
}

@BOOK{buck2012,
	author = {E. Buck},
	title = {Learning OpenGL ES for iOS},
	subtitle = {A Hands-on Guide to Modern 3D Graphics Programming},
	publisher = {Pearson},
	year = {2012},
	address = {Crawfordsville, Indiana},
	edition = {1}
}

@BOOK{neub2013,
	author = {M. Neuburg},
	title = {iOS 7 Programming Fundamentals},
	subtitle = {Objective-C, XCode, and Cocoa Basics},
	publisher = {O'Reilly},
	year = {2013},
	address = {Sebastopol, California},
	edition = {1}
}

@BOOK{hack2012,
	author = {C. Miller and D. Blazakis and D. Zovi and S. Esser and V. Iozzo and R. Weimann },
	title = {iOS Hacker's Handbook},
	subtitle = {Objective-C, XCode, and Cocoa Basics},
	publisher = {Wiley},
	year = {2012},
	address = {Indianapolis, Indiana},
	edition = {1}
}

@BOOK{minq,
	author = {A. Rorres},
	title = {Álgebra Linear com Aplicações},
	publisher = {Bookman},
	year = {2001},
	address = {Porto Alegre, Rio Grande do Sul},
	edition = {8}
}

@BOOK{graphicsprog,
	author = {A. Sherrod},
	title = {Game Graphics Programming},
	publisher = {Course Technology},
	year = {2011},
	address = {Boston, Massachusetts},
	edition = {1}
}

@article{teapot,
	Author = {J. Arnau and J. Parcerisa and P. Xekalakis},
	Title = {TEAPOT: A Toolset for Evaluating Performance, Power and
Image Quality on Mobile Graphics Systems},
	Year = {2013},
	Address = {27th Int. Conf. on Supercomputing },
	Pages = {37-46},
}

@article{x3d,
	Author = {D. Nadalutti and L. Chittaro and F. Buttussi},
	Title = {Rendering of X3D Content on Mobile Devices with OpenGL ES},
	Year = {2006},
	Address = {Proc. Of 3D technologies 
for the World Wide Web, Seção Mobile devices},
	Pages = {19-26},
}

@article{sbgames,
	Author = {B. Evangelista and A. Silva},
	Title = {Creating photorealistic and non-photorealistic effects for games },
	Year = {2007},
	Address = {Brazilian Symposium on Games and Digital Entertainment - SBGames 2007
Unisinos},
	Pages = {},
}

@BOOK{interactive2012,
	author = {E. Angel and D. Shreiner},
	title = {Interactive Computer Graphics},
	subtitle = {A top-down approach with shader-based opengl},
	publisher = {Pearson},
	year = {2012},
	address = {Boston, Massachusetts},
	edition = {6}
}

@BOOK{opengles2012,
	author = {M. Smithwick and M. Verma},
	title = {Pro OpenGL ES for Android},
	publisher = {Apress},
	year = {2012},
	address = {New York, New York},
	edition = {1}
}

@BOOK{vbo,
	author = {K. Brothaler},
	title = {OpenGL ES 2 for Android},
	subtitle = {A Quick-Start Guide},
	publisher = {The Pragmatic Bookshelf},
	year = {2013},
	address = {Dallas, Texas},
	edition = {1}
}

@BOOK{framerate2009,
	author = {J. Gregory},
	title = {Game Engine Architecture},
	publisher = {CRC Press},
	year = {2009},
	address = {Boca Raton, Florida},
	edition = {2}
}

@BOOK{android2013,
	author = {R. Sandberg and M. Rollins},
	title = {The Business of Android Apps Development},
	publisher = {Apress},
	year = {2013},
	address = {New York, New York},
	edition = {2}
}

@BOOK{calculo,
	author = {L. Leithold},
	title = {O Cálculo com Geometria Analítica},
	publisher = {Harbra},
	year = {1994},
	address = {São Paulo, São Paulo},
	edition = {3}
}

@BOOK{complexidade,
	author = {A. Drozdek},
	title = {Estrutura de Dados e Algoritmos em C++},
	publisher = {Cengage Learning},
	year = {2002},
	address = {São Paulo, São Paulo},
	edition = {2}
}

@BOOK{complexidade2,
	author = {R. Sedgewick},
	title = {Algorithms in C},
	publisher = {Addison-Wesley},
	year = {1990},
	address = {Westford,Massachusetts},
	edition={1}
}

@BOOK{androidsdkmanager,
	author = {W. Jackson},
	title = {Learn Android App Development},
	publisher = {Apress},
	year = {2013},
	address = {New York, New York},
	edition={1}
}

@BOOK{gdebugger,
	author = {B. Gaster and L. Howes and R. Kaeli and P. Mistry and D. Schaa},
	title = {Heterogeneous Computing with OpenCL},
	publisher = {Morgan Kaufmann},
	year = {2013},
	address = {Waltham, Massachusetts},
	edition = {1}
}

@Misc{adp,
	howpublished = {Disponível em: < \url{https://developer.qualcomm.com/mobile-development/mobile-technologies/gaming-graphics-optimization-adreno/tools-and-resources} >},
	note = {Acessado em: 16 out. 2013},
	Year = {2013},
	title = {Mobile Gamimg and Graphics Optimization (Adreno) Tools and Resources},
	author = {Qualcomm, Developer Network}
}

@Misc{poly,
	howpublished = {Disponível em: < \url{http://www.pkill.info/linux/man/3-glutSolidSphere/} >},
	note = {Acessado em: 30 out. 2013},
	Year = {2013},
	title = {glutSolidSphere},
	author = {Linux, Man Page}
}

