@article{realtime,
	Author = {T. A. Moller and E. Haines and N. Hoffman},
	Title = {Real-Time Rendering},
	Year = {2008},
	Address = {Boca Raton, Florida},
	Pages = {114-117,13-25},
	Editor = {CRC Press},
}

@article{opengl2011,
	Author = {R. S. Wright and N. Haemel and G. Sellers and B. Lipchak},
	Title = {OpenGL SuperBible: Comprehensive Tutorial and Reference},
	Year = {2008},
	Address = {Boston, Massachusetts},
	Pages = {114-117},
	Editor = {Pearson},
}

@article{guha2011,
	Author = {S. Guha},
	Title = {Computer Graphics Through OpenGL: From Theory to Experience},
	Year = {2011},
	Address = {Boca Raton, Florida},
	Pages = {114-117, 430 - 440, 464},
	Editor = {CRC Press},
}

@article{minq,
	Author = {A. Rorres},
	Title = {Álgebra Linear com Aplicações},
	Year = {2001},
	Address = {Porto Alegre, Rio Grande do Sul},
	Pages = {302 - 304},
	Editor = {Bookman},
}

@article{graphicsprog,
	Author = {A. Sherrod},
	Title = {Game Graphics Programming},
	Year = {2011},
	Address = {Boston, Massachusetts},
	Pages = {600-609},
	Editor = {Course Technology},
}

@article{teapot,
	Author = {J. Arnau and J. Parcerisa and P. Xekalakis},
	Title = {TEAPOT: A Toolset for Evaluating Performance, Power and
Image Quality on Mobile Graphics Systems},
	Year = {2013},
	Address = {27th Int. Conf. on Supercomputing },
	Pages = {37-46},
}

@article{x3d,
	Author = {D. Nadalutti and L. Chittaro and F. Buttussi},
	Title = {Rendering of X3D Content on Mobile Devices with OpenGL ES},
	Year = {2006},
	Address = {Proc. Of 3D technologies 
for the World Wide Web, Seção Mobile devices},
	Pages = {19-26},
}

@article{interactive2012,
	Author = {E. Angel and D. Shreiner},
	Title = {Interactive Computer Graphics. A top-down approach with shader-based opengl},
	Year = {2012},
	Address = {Boston, Massachusetts},
	Pages = {689-690},
	Editor = {Pearson},
}

@article{opengles2012,
	Author = {E. Angel and D. Shreiner},
	Title = {Pro OpenGL ES for Android},
	Year = {2012},
	Address = {New York, New York},
	Pages = {114-117},
	Editor = {Apress},
}

@article{vbo,
	Author = {K. Brothaler},
	Title = {OpenGL ES 2 for Android},
	Year = {2013},
	Address = {Dallas, Texas},
	Pages = {234-237},
	Editor = {The Pragmatic Bookshelf},
}

@article{framerate2009,
	Author = {J. Gregory},
	Title = {Game Architecture},
	Year = {2009},
	Address = {Boca Raton, Florida},
	Pages = {312-316},
	Editor = {CRC Press},
}

@article{android2013,
	Author = {R. Sandberg and M. Rollins},
	Title = {The Business of Android Apps Development},
	Year = {2013},
	Address = {New York, New York},
	Pages = {4-10},
	Editor = {Apress},
}

@article{calculo,
	Author = {L. Leithold},
	Title = {O Cálculo com Geometria Analítica},
	Year = {1994},
	Address = {São Paulo, São Paulo},
	Pages = {455-462},
	Editor = {Harbra},
}

@article{complexidade,
	Author = {A. Drozdek},
	Title = {Estrutura de Dados e Algoritmos em C++},
	Year = {2002},
	Address = {São Paulo, São Paulo},
	Pages = {48-52},
	Editor = {Cengage Learning},
}

@article{complexidade2,
	Author = {R. Sedgewick},
	Title = {Algorithms in C},
	Year = {1990},
	Address = {Westford,Massachusetts},
	Pages = {67-75},
	Editor = {Addison-Wesley},
}

@article{androidsdkmanager,
	Author = {W. Jackson},
	Title = {Learn Android App Development},
	Year = {2013},
	Address = {New York, New York},
	Pages = {1-13},
	Editor = {Apress},
}

@article{gdebugger,
	Author = {B. Gaster and L. Howes and R. Kaeli and P. Mistry and D. Schaa},
	Title = {Heterogeneous Computing with OpenCL},
	Year = {2013},
	Address = {Waltham, Massachusetts},
	Pages = {257-261},
	Editor = {Morgan Kaufmann},
}

@Misc{adp,
	howpublished = {Disponível em: < \url{https://developer.qualcomm.com/mobile-development/mobile-technologies/gaming-graphics-optimization-adreno/tools-and-resources} >},
	note = {Acessado em: 16 out. 2013},
	title = {Mobile Gamimg and Graphics Optimization (Adreno) Tools and Resources},
	author = {Qualcomm, Developer Network}
}

@Misc{poly,
	howpublished = {Disponível em: < \url{http://www.pkill.info/linux/man/3-glutSolidSphere/} >},
	note = {Acessado em: 30 out. 2013},
	title = {glutSolidSphere},
	author = {Linux, Man Page}
}

@inproceedings{sparrow1980,
	Author = {E. M. Sparrow},
	Title = {Forced Convection Heat Transfer in a Duct Having Spanwise-Periodic
	Rectangular Protuberances},
	Year = {1980},
	Pages = {149-167},
	Volume = {3},
	Booktitle = {Numerical Heat Transfer},
}

@article{clark1986,
	Author = {J. A. Clark},
	Title = {Private Communication},
	Year = {1986},
	Address = {University of Michigan},
}

@article{coimbra1978,
	Author = {A. L. Coimbra},
	Title = {Lessons of Continuum Mechanics},
	Year = {1978},
	Address = {São Paulo, Brazil},
	Pages = {428},
	Editor = {Edgard Blücher},
}

@inproceedings{bordalo1989,
	Author = {S. N. Bordalo and J. H. Ferziger and S. J. Kline},
	Title = {The Development of Zonal Models for Turbulence},
	Year = {1989},
	Pages = {41-44},
	Booktitle = {Proceedings of the 10th Brazilian Congress of Mechanical
	Engineering}, 
	Volume = {1},	
}

@manual{NBR14724:2011,
	Address = {Rio de Janeiro},
	Date-Added = {2012-12-15 20:34:08 +0000},
	Date-Modified = {2012-12-15 20:35:25 +0000},
	Month = mar,
	Org-Short = {ABNT},
	Organization = {Associa{\c c}\~ao Brasileira de Normas T\'ecnicas},
	Pages = 15,
	Subtitle = {Informa{\c c}\~ao e documenta{\c c}\~ao --- trabalhos acad\^emicos --- apresenta{\c c}\~ao},
	Title = {{NBR} 14724},
	Year = 2011
}

@manual{NBR6034:2000,
	Address = {Rio de Janeiro},
	Org-Short = {ABNT},
	Organization = {Associa{\c c}\~ao Brasileira de Normas T\'ecnicas},
	Subtitle = {Informa{\c c}\~ao e documenta{\c c}\~ao --- Referências},
	Title = {{NBR} 14724},
	Year = 2000
}

